<collection xmlns="http://www.loc.gov/MARC21/slim">
<record>
  <leader>01160nam0a22001931i 450 </leader>
  <controlfield tag="001">IT\ICCU\CNCE\058277</controlfield>
  <controlfield tag="005">20060502000000.0</controlfield>
  <datafield tag="100" ind1=" " ind2=" ">
    <subfield code="a">20040519d1511        0itac0103    ba</subfield>
  </datafield>
  <datafield tag="101" ind1=" " ind2=" ">
    <subfield code="a">ITA</subfield>
  </datafield>
  <datafield tag="102" ind1=" " ind2=" ">
    <subfield code="a">IT</subfield>
  </datafield>
  <datafield tag="200" ind1="1" ind2=" ">
    <subfield code="a">Opera breuissima &amp; chiara in volgare del dispregio del mondo. Doue se narra lordine de la creatione, con le opinione de philosophi contrarie, et ancore de quatro parte del mondo flagellate, et quatro parte de Italia similmente per suoi vitij depresse, alla quale e coniuncto vno lamento de Christo quando era per essere posto in croce, contra el popolo iudaico sopra popule meus quid feci tibi. Composta per lo venerabile fra Dominico de regno Delitio sacre theologie baccalario Ordinis predicatorum</subfield>
  </datafield>
  <datafield tag="210" ind1=" " ind2=" ">
    <subfield code="e">Impressum in Monteregali</subfield>
    <subfield code="g">per Vincentium Berruerium</subfield>
    <subfield code="h">1511 die XXII Octobris</subfield>
  </datafield>
  <datafield tag="215" ind1=" " ind2=" ">
    <subfield code="a">\12! c.</subfield>
    <subfield code="d">4ʻ</subfield>
  </datafield>
  <datafield tag="620" ind1=" " ind2=" ">
    <subfield code="a">IT</subfield>
    <subfield code="d">Mondov</subfield>
  </datafield>
  <datafield tag="700" ind1=" " ind2="1">
    <subfield code="a">Litio,</subfield>
    <subfield code="b">Domenico : de</subfield>
    <subfield code="3">IT\ICCU\CNCA\017746</subfield>
  </datafield>
  <datafield tag="712" ind1="0" ind2="0">
    <subfield code="a">Berruerio, Vincenzo</subfield>
    <subfield code="3">IT\ICCU\CNCT\000339</subfield>
    <subfield code="4">650</subfield>
  </datafield>
  <datafield tag="790" ind1=" " ind2="1">
    <subfield code="a">Delitius,</subfield>
    <subfield code="b">Domenicus</subfield>
    <subfield code="3">IT\ICCU\CNCA\018464</subfield>
    <subfield code="z">Litio, Domenico : de</subfield>
  </datafield>
  <datafield tag="791" ind1="0" ind2="0">
    <subfield code="a">Berruerius, Vincentius</subfield>
    <subfield code="3">IT\ICCU\CNCT\004351</subfield>
    <subfield code="z">Berruerio, Vincenzo</subfield>
  </datafield>
  <datafield tag="801" ind1=" " ind2="3">
    <subfield code="a">IT</subfield>
    <subfield code="b">ICCU</subfield>
    <subfield code="c">20201115</subfield>
  </datafield>
</record>
</collection>
